@article{nakamoto2008bitcoin,
  title={Bitcoin: A peer-to-peer electronic cash system},
  author={Nakamoto, Satoshi},
  journal={Decentralized Business Review},
  pages={21260},
  year={2008}
}

@article{buterin2013ethereum,
  title={Ethereum white paper},
  author={Buterin, Vitalik and others},
  journal={GitHub repository},
  volume={1},
  pages={22--23},
  year={2013}
}

@article{https://github.com/aave/protocol-v2/blob/master/aave-v2-whitepaper.pdf,
  title={Aave white paper},
  journal={https://github.com/aave/protocol-v2/blob/master/aave-v2-whitepaper.pdf},
}

@article{https://docs.aave.com/portal/,
  title={Aave documentation},
  journal={https://docs.aave.com/portal/},
}










