@article{nakamoto2008bitcoin,
  title={Bitcoin: A peer-to-peer electronic cash system},
  author={Nakamoto, Satoshi},
  journal={Decentralized Business Review},
  pages={21260},
  year={2008}
}

@article{buterin2013ethereum,
  title={Ethereum white paper},
  author={Buterin, Vitalik and others},
  journal={GitHub repository},
  volume={1},
  pages={22--23},
  year={2013}
}

@article{https://github.com/aave/protocol-v2/blob/master/aave-v2-whitepaper.pdf,
  title={Aave white paper},
  journal={https://github.com/aave/protocol-v2/blob/master/aave-v2-whitepaper.pdf},
}

@article{https://docs.aave.com/portal/,
  title={Aave documentation},
  journal={https://docs.aave.com/portal/},
}

@article{https://curve.fi/files/stableswap-paper.pdf,
  title={Curve whitepaper},
  author={Michael Egorov},
  journal={https://curve.fi/files/stableswap-paper.pdf},
}

@article{https://etherscan.io/address/0xbebc44782c7db0a1a60cb6fe97d0b483032ff1c7\#code,
  title={Curve smart contract code},
  journal={https://etherscan.io/address/0xbebc44782c7db0a1a60cb6fe97d0b483032ff1c7\#code},
}











