@article{donald1999art,
 title={The art of computer programming},
 author={Donald, E Knuth},
 journal={Sorting and searching},
 volume={3},
 pages={426--458},
 year={1999}
}
